<?xml version="1.0" encoding="UTF-8"?><collection xmlns="http://www.loc.gov/MARC21/slim"><record><leader>00399nam--2200121-i-4500</leader><controlfield tag="001">000046865</controlfield><controlfield tag="002">20161230</controlfield><controlfield tag="005">20161230201046</controlfield><controlfield tag="008">060222s1000------------r-----000-0-eng-d</controlfield><datafield ind1=" " ind2=" " tag="100"><subfield code="a">Wandeberg, Erich</subfield></datafield><datafield ind1=" " ind2=" " tag="245"><subfield code="a">Kunstsoffe. ihre verwendung in industrie und technik. 2-te verbesserte und erweiterte auflage. mit 183 abbild.und 2 tafeln</subfield></datafield><datafield ind1=" " ind2=" " tag="260"><subfield code="a">Berlin, Springer-verlag, 1959, Vii+431p</subfield></datafield><datafield ind1=" " ind2=" " tag="852"><subfield code="a">15093</subfield></datafield></record></collection>